<?xml version="1.0" encoding="UTF-8"?><collection xmlns="http://www.loc.gov/MARC21/slim"><record><leader>00515nam--2200169-i-4500</leader><controlfield tag="001">000000305</controlfield><controlfield tag="002">20161230</controlfield><controlfield tag="005">20161230201024</controlfield><controlfield tag="008">060222s1000------------r-----000-0-eng-d</controlfield><datafield ind1=" " ind2=" " tag="040"><subfield code="a">IFIN-HH</subfield></datafield><datafield ind1=" " ind2=" " tag="080"><subfield code="a">539.1</subfield></datafield><datafield ind1="1" ind2=" " tag="100"><subfield code="a">Amaldi, Ginestra</subfield></datafield><datafield ind1="1" ind2="0" tag="245"><subfield code="a">The nature of matter. physical theory from thales to modern times (fermi and after)</subfield><subfield code="b">Translated by peter astbury</subfield><subfield code="c">Ginestra amaldi</subfield></datafield><datafield ind1=" " ind2=" " tag="260"><subfield code="a">London</subfield><subfield code="b">George Allen &amp; Unwin Ltd</subfield><subfield code="c">1966</subfield></datafield><datafield ind1=" " ind2=" " tag="300"><subfield code="a">332P</subfield></datafield><datafield ind1=" " ind2=" " tag="852"><subfield code="a">24044</subfield><subfield code="c">539</subfield></datafield><datafield ind1=" " ind2=" " tag="CAT"><subfield code="a">Sys</subfield><subfield code="c">20111003</subfield><subfield code="h">153033</subfield></datafield></record></collection>